@article{volpi2008fish,
  title={FISH glossary: an overview of the fluorescence in situ hybridization technique},
  author={Volpi, Emanuela V and Bridger, Joanna M and others},
  journal={Biotechniques},
  volume={45},
  number={4},
  pages={385--386},
  year={2008}
}
@article{molina2009fish,
  title={FISH on sperm: spot-counting to stop counting? Not yet},
  author={Molina, {\`O}scar and Sarrate, Zaida and Vidal, Francesca and Blanco, Joan},
  journal={Fertility and sterility},
  volume={92},
  number={4},
  pages={1474--1480},
  year={2009},
  publisher={Elsevier}
}
@article{tosi2012,
  title={ImageJ-driven intelligent high content screening},
  author={Tosi, S{\'e}bastien and others},
  journal={Euro-bioimaging workshop 2012, ISBI Barcelona, Spain },
  year={2012},
}
@book{lindeberg1993scale,
  title={Scale-space theory in computer vision},
  author={Lindeberg, Tony},
  year={1993},
  publisher={Kluwer Academic Print on Demand}
}
@ARTICLE{Arganda-Carreras2010,
  author = {Ignacio Arganda-Carreras and  Rodrigo Fernandez-Gonzalez and Arrate
	Munoz-Barrutia and Carlos Ortiz-De-Solorzano},
  title = {3D reconstruction of histological sections: Application to mammary
	gland tissue", Microscopy Research and Technique, Volume 73, Issue
	11, pages 1019ï¿½1029, October 2010.},
  journal = {Microscopy Research and Technique},
  year = {2010},
  volume = {73},
  pages = {1019-1029},
  owner = {Perrine},
  timestamp = {2013.04.15}
}